@article{li2018echarts,
	title={ECharts: a declarative framework for rapid construction of web-based visualization},
	author={Li, Deqing and Mei, Honghui and Shen, Yi and Su, Shuang and Zhang, Wenli and Wang, Junting and Zu, Ming and Chen, Wei},
	journal={Visual Informatics},
	volume={2},
	number={2},
	pages={136--146},
	year={2018},
	publisher={Elsevier}
}
@inproceedings{kuvaja1995bootstrap,
	title={BOOTSTRAP: A software process assessment and improvement methodology},
	author={Kuvaja, Pasi},
	booktitle={Symposium on Software Quality Techniques and Acquisition Criteria},
	pages={31--48},
	year={1995},
	organization={Springer}
}
@book{paz2013beginning,
	title={Beginning ASP. NET MVC 4},
	author={Paz, Jos{\'e} Rolando Guay and Olsen, Andy},
	year={2013},
	publisher={Springer}
}
@article{roodman2019fast,
	title={Fast and wild: Bootstrap inference in Stata using boottest},
	author={Roodman, David and Nielsen, Morten {\O}rregaard and MacKinnon, James G and Webb, Matthew D},
	journal={The Stata Journal},
	volume={19},
	number={1},
	pages={4--60},
	year={2019},
	publisher={SAGE Publications Sage CA: Los Angeles, CA}
}
@article{astutik2018integrated,
	title={Integrated Information System Teaching Plan in College Using FAST Method and Twitter Bootstrap},
	author={Astutik, Ika Ratna Indra and Rosid, Mochamad Alfan},
	journal={Kinetik: Game Technology, Information System, Computer Network, Computing, Electronics, and Control},
	pages={163--170},
	year={2018}
}
@article{2010,
	title={基于“两个细则”要求的一次调频分析与优化},
	author={高亚杰},
	year={2010},
	journal={华北电力技术},
	number={11},
	pages={16-20},
}
@book{dlxtzdh,
	author = {王葵 and 孙莹}, 
	title = {电力系统自动化},
	publisher = {中国电力出版社},
	year = 2012,
	edition = 3,
	month = 3,
	address = {北京},
}
@article{jyzzdnkzhxdccn,
	title={基于转子动能控制和蓄电池储能系统共同作用的风电调频策略},
	author={赵嘉兴 and 高伟 and 上官明霞 and 查效兵 and 岳帅},
	journal={Smart Grid},
	volume={6},
	pages={429},
	year={2016},
	publisher={中文学术期刊, 汉斯出版社, Hans Publishers}
}
@article{20142jzyctp,
	title={2$\times$ 300 MW 机组一次调频的研究与应用},
	author={孙建明 and 张长茂 and 周怀斌 and 丁玉璋 and 刘静波 and 郑文国},
	journal={冶金动力},
	number={12},
	pages={11--14},
	year={2014}
}
@article{刘云2019基于双参数最小二乘支持向量机,
	title={基于双参数最小二乘支持向量机 (TPA-LSSVM) 的风电时间序列预测模型的优化研究},
	author={刘云 and 易松},
	journal={北京化工大学学报 (自然科学版)},
	volume={46},
	number={2},
	pages={97--102},
	year={2019}
}
@article{kumpf2017visualizing,
	title={Visualizing confidence in cluster-based ensemble weather forecast analyses},
	author={Kumpf, Alexander and Tost, Bianca and Baumgart, Marlene and Riemer, Michael and Westermann, R{\"u}diger and Rautenhaus, Marc},
	journal={IEEE transactions on visualization and computer graphics},
	volume={24},
	number={1},
	pages={109--119},
	year={2017},
	publisher={IEEE}
}
@article{warrington2017low,
	title={Low-dimensional space-and time-coupled power system control policies driven by high-dimensional ensemble weather forecasts},
	author={Warrington, Joseph and Drew, Daniel and Lygeros, John},
	journal={IEEE Control Systems Letters},
	volume={2},
	number={1},
	pages={1--6},
	year={2017},
	publisher={IEEE}
}
@article{yan2017forecasting,
	title={Forecasting the high penetration of wind power on multiple scales using multi-to-multi mapping},
	author={Yan, Jie and Zhang, Hao and Liu, Yongqian and Han, Shuang and Li, Li and Lu, Zongxiang},
	journal={IEEE Transactions on Power Systems},
	volume={33},
	number={3},
	pages={3276--3284},
	year={2017},
	publisher={IEEE}
}
@article{yan2016novel,
	title={Novel cost model for balancing wind power forecasting uncertainty},
	author={Yan, Jie and Li, Furong and Liu, Yongqian and Gu, Chenghong},
	journal={IEEE Transactions on Energy Conversion},
	volume={32},
	number={1},
	pages={318--329},
	year={2016},
	publisher={IEEE}
}
@article{孙成胜2020一种改进的灰色,
	title={一种改进的灰色 BP 神经网络光伏出力预测方法},
	author={孙成胜 and 张红民 and 王艳 and 巴忠镭},
	journal={重庆理工大学学报 (自然科学)},
	year={2020}
}
@article{黎静华2017基于,
	title={基于 S-BGD 和梯度累积策略的改进深度学习方法及其在光伏出力预测中的应用},
	author={黎静华 and 黄乾 and 韦善阳 and 黄玉金},
	journal={电网技术},
	volume={41},
	number={10},
	pages={3292--3299},
	year={2017}
}
@article{王要强2016光伏发电系统输出功率特性分析及其平滑控制研究,
	title={光伏发电系统输出功率特性分析及其平滑控制研究},
	author={王要强 and 王思谨 and 蒋建东 and 彭金柱},
	journal={太阳能学报},
	volume={37},
	number={4},
	pages={847--852},
	year={2016}
}
@article{王守相2012基于灰色神经网络组合模型的光伏短期出力预测,
	title={基于灰色神经网络组合模型的光伏短期出力预测},
	author={王守相 and 张娜},
	journal={电力系统自动化},
	volume={36},
	number={19},
	pages={37--41},
	year={2012}
}
@article{毕锐2016基于模糊,
	title={基于模糊 C 均值聚类的光伏阵列故障诊断方法},
	author={毕锐 and 丁明 and 徐志成 and 葛虎 and 郁丹琦},
	journal={太阳能学报},
	volume={37},
	number={3},
	pages={730--736},
	year={2016}
}
@article{王昕2016基于,
	title={基于 PNN/PCA/SS-SVR 的光伏发电功率短期预测方法},
	author={王昕 and 黄柯 and 郑益慧 and 李立学 and 郎永波 and 吴昊},
	journal={电力系统自动化},
	volume={40},
	number={17},
	pages={156--162},
	year={2016}
}
@otherarticalStandard{20132013水轮机调节系统并网运行技术导则,
	title={水轮机调节系统并网运行技术导则：DL/T 1245-2013},
	author={电力行业水电站自动化标准化技术委员会},
	year={2013},
	publisher={北京：中国电力出版社}
}
@article{李玺2018水电机组一次调频理论动作积分电量优化算法,
	title={水电机组一次调频理论动作积分电量优化算法},
	author={李玺 and 徐广文 and 姚泽},
	journal={广东电力},
	volume={31},
	number={10},
	pages={162--166},
	year={2018}
}
@article{水电机组一次调频理论积分电量计算方法,
	title={水电机组一次调频理论积分电量计算方法},
	author={王春},
	journal={水电能源科学},
	volume={39},
	number={10},
	pages={186--189},
	year={2021}
}
@article{田皓2021基于趋势理论的源,
	title={基于趋势理论的源—网—荷协调性控制},
	author={田皓 and 谭浩},
	journal={电力科学与技术学报},
	number={2},
	pages={132--141},
	year={2021}
}
@article{陈锴2020考虑输电断面限制的风,
	title={考虑输电断面限制的风-光-梯级水电站长期优化调度},
	author={陈锴 and 钟浩 and 李世春 and 吴巍 and 方园 and 阮建雄},
	journal={智慧电力},
	volume={48},
	number={5},
	pages={27--33},
	year={2020}
}
@article{宋杰2021蓄热式电采暖负荷参与风电消纳运行策略研究,
	title={蓄热式电采暖负荷参与风电消纳运行策略研究},
	author={宋杰 and 张卫国 and 李树鹏 and 于建成 and 张伟 and 李化},
	journal={电力系统保护与控制},
	volume={49},
	number={3},
	pages={80--87},
	year={2021}
}
@article{ali2014combining,
	title={Combining the demand response of direct electric space heating and partial thermal storage using LP optimization},
	author={Ali, Mubbashir and Jokisalo, Juha and Siren, Kai and Lehtonen, Matti},
	journal={Electric Power Systems Research},
	volume={106},
	pages={160--167},
	year={2014},
	publisher={Elsevier}
}
@article{li2015framework,
	title={Framework of probabilistic power system planning},
	author={Li, Wenyuan},
	journal={CSEE Journal of Power and Energy Systems},
	volume={1},
	number={1},
	pages={1--8},
	year={2015},
	publisher={CSEE}
}
@article{高阳2010基于噪声场合下,
	title={基于噪声场合下 ARMA 模型的风力发电量预测},
	author={高阳 and 朴在林 and 张旭鹏 and 冬雷 and 郝颖},
	journal={电力系统保护与控制},
	number={20},
	pages={164--167},
	year={2010}
}
@otherarticalGOVDOC{电力并网运行管理规定,
	title={电力并网运行管理规定},
	author={国家能源局},
	year={2021-12-21}
}
@otherarticalGOVDOC{关于印发《南方区域发电厂并网运行管理实施细则》及《南方区域并网发电厂辅助服务管理实施细则》（2020年版）的通知,
	title={关于印发《南方区域发电厂并网运行管理实施细则》及《南方区域并网发电厂辅助服务管理实施细则》（2020年版）的通知},
	author={国家能源局南方监管局},
	year={2020-12-16}
}
@otherarticalGOVDOC{南方区域风力发电场并网运行及辅助服务管理实施细则（2020年版）,
	title={南方区域风力发电场并网运行及辅助服务管理实施细则（2020年版）},
	author={国家能源局南方监管局},
	year={2020-12-16}
}
@otherarticalGOVDOC{南方区域光伏电站并网运行及辅助服务管理实施细则（2020年版）,
	title={南方区域光伏电站并网运行及辅助服务
	管理实施细则（2020年版）},
	author={国家能源局南方监管局},
	year={2020-12-16}
}
@otherarticalGOVDOC{南方区域发电厂并网运行管理实施细则（2020年版）,
title={南方区域发电厂并网运行管理实施细则（2020年版）},
author={国家能源局南方监管局},
year={2020-12-16}
}
@article{陈征2016荷,
	title={荷—网—源协调控制后电网降损能效评估指标体系},
	author={陈征 and 李长海 and 徐杰彦 and 汪汀 and 刘皓明 and 王楠 and 王维洲},
	journal={电力需求侧管理},
	number={3},
	pages={5--10},
	year={2016}
}
@article{王景瑞2004整饬电力市场资源秩序,
	title={整饬电力市场资源秩序 建立新型调度协调机制——域外系列停电事故带给地县电网调度的几点警示},
	author={王景瑞},
	journal={供电企业管理},
	number={5},
	pages={25--27},
	year={2004}
}
@article{印永华2003美加,
	title={美加 “8.14” 大停电事故初步分析以及应吸取的教训},
	author={印永华 and 郭剑波 and 赵建军 and 卜广全},
	journal={电网技术},
	volume={27},
	number={10},
	pages={8--11},
	year={2003}
}
@article{张怀宇2021考虑光伏发电不确定性的源,
	title={考虑光伏发电不确定性的源-网-荷-储协调调度方法},
	author={张怀宇 and 徐超然 and 黄志龙 and 陆建宇 and 李亚平 and 侯勇},
	journal={电器与能效管理技术},
	number={5},
	pages={86},
	year={2021}
}
@article{刘洪2019考虑储能调节的主动配电网有功,
	title={考虑储能调节的主动配电网有功—无功协调运行与电压控制},
	author={刘洪 and 徐正阳 and 葛少云 and 杨为群 and 刘梦怡 and 朱文广},
	journal={电力系统自动化},
	volume={43},
	number={11},
	pages={51--58},
	year={2019}
}
@otherarticalStandard{电力系统安全稳定导则,
	title={电力系统安全稳定导则：GB 38755-2019},
	author={国家市场监督管理总局 and 国家标准化管理委员会},
	year={2019}
}
@otherarticalStandard{电网运行准则 ,
	title={电网运行准则 ：GB/T 31464-2015},
	author={中华人民共和国国家质量监督检验检疫总局 and	中国国家标准化管理委员会},
	year={2019}
}
@inproceedings{li2020multi,
	title={Multi-stage Power Source and Grid Coordination Planning Method Considering Grid Load Uniformity},
	author={Li, Zhiqi and Han, Xueshan and Yang, Ming and Ma, Yiran},
	booktitle={2020 IEEE/IAS Industrial and Commercial Power System Asia (I\&CPS Asia)},
	pages={638--644},
	year={2020},
	organization={IEEE}
}
@inproceedings{xiuli2018design,
	title={Design of Anomaly Monitoring Framework for Source-Grid-Load Friendly Coordination System},
	author={Xiuli, Huang and Congcong, Shi and Xiaojian, Zhang and Jiaxuan, Fei and Rui, Zhang and Jie, Fan},
	booktitle={2018 International Conference on Smart Grid and Electrical Automation (ICSGEA)},
	pages={99--103},
	year={2018},
	organization={IEEE}
}
@inproceedings{zhou2020high,
	title={A high proportion of photovoltaic grid-connected consumption strategy based on “Source Grid Storage” coordination and interaction},
	author={Zhou, Yi and Li, Xiaowen and Zhou, Liangcai and Wu, Jinling and Lu, Jianyu and Zhang, Chaoming},
	booktitle={2020 12th IEEE PES Asia-Pacific Power and Energy Engineering Conference (APPEEC)},
	pages={1--6},
	year={2020},
	organization={IEEE}
}
@inproceedings{ni2020power,
	title={Power System Economic Planning Considering “Source-Grid-Load-Storage” Coordination Operation},
	author={Ni, Qiulong and Zhang, Chen and Meng, Zhiquan and Huang, Yixin and Jiang, Yicheng and Sun, Wenduo and Zhang, Zhi and Yang, Li and Lin, Zhenzhi},
	booktitle={2020 International Conference on Smart Grids and Energy Systems (SGES)},
	pages={1000--1004},
	year={2020},
	organization={IEEE}
}
@inproceedings{ma2019parameter,
	title={Parameter Setting of New Energy Sources Generator Rapid Frequency Response in Northwest Power Grid Based on Multi-Frequency Regulation Resources Coordinated Controlling},
	author={Ma, Xiaowei and Sun, Xiaoqiang and Cheng, Lin and Guo, Xiangyang and Liu, Xin and Wang, Zhiwei},
	booktitle={2019 IEEE 8th International Conference on Advanced Power System Automation and Protection (APAP)},
	pages={218--222},
	year={2019},
	organization={IEEE}
}
@phdthesis{丁晓冬2015热电联产机组间热电负荷优化分配的研究,
	title={热电联产机组间热电负荷优化分配的研究},
	author={丁晓冬},
	year={2015},
	school={保定: 华北电力大学 ꎬ 2015. DING Xiaodong~…}
}
@book{电力系统分析,
	title={电力系统分析},
	author={吴俊勇 and 夏明超 and 徐丽杰 and 郎兵},
	year={2014},
	publisher={清华大学出版社},
	address={北京}
}
@book{电力系统自动化,
	title={电力系统自动化},
	author={王葵 and 孙莹 and 万秋兰},
	year={2012},
	publisher={中国电力出版社},
	address={北京},
	edition={第3}
}
@article{郭俊飞2015探讨风电场并网运行对电网电能质量的影响,
	title={探讨风电场并网运行对电网电能质量的影响},
	author={郭俊飞 and 顾文龙},
	journal={工业 C},
	number={20},
	pages={134--134},
	year={2015}
}
@article{周皓2021改善风电并网电能质量的飞轮储能系统能量管理系统设计,
	title={改善风电并网电能质量的飞轮储能系统能量管理系统设计},
	author={周皓 and 李军徽 and 葛长兴 and 毕江林 and 胡达珵 and 李伟力},
	journal={太阳能学报},
	volume={42},
	number={3},
	pages={105},
	year={2021}
}
@article{张维煜2014飞轮储能关键技术及其发展现状,
	title={飞轮储能关键技术及其发展现状},
	author={张维煜 and 朱熀秋},
	journal={电工技术学报},
	volume={26},
	number={7},
	pages={141--146},
	year={2014}
}
@article{李军徽201810,
	title={10 kW/20 kWh 锂电池储能协同风电一次调频备用的实验验证},
	author={李军徽 and 范兴凯 and 穆钢 and 严干贵 and 安军 and 冯喜超},
	journal={太阳能学报},
	volume={39},
	number={5},
	pages={1373--1379},
	year={2018}
}
@article{沈冠冶2018考虑风电并网系统的储能优化配置,
	title={考虑风电并网系统的储能优化配置},
	author={沈冠冶 and 李琛 and 徐冰亮 and 惠鑫欣 and 宋凯豪 and 王振浩},
	journal={Journal Of Northeast Electric Power University},
	year={2018}
}
@article{田广青1996静止无功补偿技术与应用,
	title={静止无功补偿技术与应用: 第二讲 静止补偿装置的类型及其工作特性 (之二)},
	author={田广青},
	journal={电工技术杂志},
	number={3},
	pages={31--34},
	year={1996}
}
@article{田广青1995静止无功补偿技术与应用,
	title={静止无功补偿技术与应用 第二讲 静止补偿装置的类型及其工作特性 (之一)},
	author={田广青},
	journal={电工技术杂志},
	number={5},
	pages={41--43},
	year={1995}
}